@book{stix1992,
  title={{Waves in Plasmas}},
  author={Stix, T.H.},
  isbn={9780883188583},
  year={1992},
  publisher={American Institute of Physics}
}

%SVAP
@article{svap,
  author={Arecchi, F. and Bonifacio, R.},
  journal={IEEE Journal of Quantum Electronics}, 
  title={Theory of optical maser amplifiers}, 
  year={1965},
  volume={1},
  number={4},
  pages={169-178},
  doi={10.1109/JQE.1965.1072212}
  }

%wkb
@book{wkb,
  title = {Advanced {{Mathematical Methods}} for {{Scientists}} and {{Engineers I}}},
  author = {Bender, Carl M. and Orszag, Steven A.},
  year = {1999},
  publisher = {{Springer New York}},
  address = {{New York, NY}},
  doi = {10.1007/978-1-4757-3069-2},
  url = {http://link.springer.com/10.1007/978-1-4757-3069-2},
  urldate = {2023-09-26},
  isbn = {978-1-4419-3187-0 978-1-4757-3069-2},
  keywords = {/unread}
}

%stationary phase
@book{spa1,
  title = {Asymptotic Expansions of Integrals},
  author = {Bleistein, Norman and Handelsman, Richard A.},
  year = {1986},
  publisher = {{Dover Publications}},
  address = {{New York}},
  isbn = {978-0-486-65082-1},
  lccn = {QA311 .B58 1986},
  keywords = {/unread,Asymptotic expansions,Integrals}
}

@book{spa2,
  title = {Geometric {{Asymptotics}}},
  author = {Guillemin, V. and Sternberg, S.},
  year = {1977},
  month = dec,
  series = {Mathematical {{Surveys}} and {{Monographs}}},
  edition = {Revised},
  volume = {14},
  publisher = {{American Mathematical Society}},
  address = {{Providence, Rhode Island}},
  doi = {10.1090/surv/014},
  url = {http://www.ams.org/surv/014},
  urldate = {2023-09-26},
  isbn = {978-0-8218-1633-2 978-0-8218-3208-0},
  keywords = {/unread}
}

@article{brizard2007,
  title = {Foundations of Nonlinear Gyrokinetic Theory},
  author = {Brizard, A. J. and Hahm, T. S.},
  year = {2007},
  month = apr,
  journal = {Reviews of Modern Physics},
  volume = {79},
  number = {2},
  pages = {421--468},
  issn = {0034-6861, 1539-0756},
  doi = {10.1103/RevModPhys.79.421},
  url = {https://link.aps.org/doi/10.1103/RevModPhys.79.421},
  urldate = {2022-08-03}
}
%uniform cases
@article{lilley2009,
  title = {Destabilizing {{Effect}} of {{Dynamical Friction}} on {{Fast-Particle-Driven Waves}} in a {{Near-Threshold Nonlinear Regime}}},
  author = {Lilley, M. K. and Breizman, B. N. and Sharapov, S. E.},
  year = {2009},
  month = may,
  journal = {Physical Review Letters},
  volume = {102},
  number = {19},
  pages = {195003},
  issn = {0031-9007, 1079-7114},
  doi = {10.1103/PhysRevLett.102.195003},
  url = {https://link.aps.org/doi/10.1103/PhysRevLett.102.195003},
  urldate = {2022-07-09}
}
@article{breizman2010,
  title = {Nonlinear Travelling Waves in Energetic Particle Phase Space},
  author = {Breizman, Boris N.},
  year = {2010},
  month = aug,
  journal = {Nuclear Fusion},
  volume = {50},
  number = {8},
  pages = {084014},
  issn = {0029-5515, 1741-4326},
  doi = {10.1088/0029-5515/50/8/084014},
  url = {https://iopscience.iop.org/article/10.1088/0029-5515/50/8/084014},
  urldate = {2022-11-03}
}
@article{hezaveh2017,
  title = {Impact of Energetic Particle Orbits on Long Range Frequency Chirping of {{BGK}} Modes},
  author = {Hezaveh, H. and Qu, Z.S. and Layden, B. and Hole, M.J.},
  year = {2017},
  month = dec,
  journal = {Nuclear Fusion},
  volume = {57},
  number = {12},
  pages = {126010},
  issn = {0029-5515, 1741-4326},
  doi = {10.1088/1741-4326/aa80a9},
  url = {https://iopscience.iop.org/article/10.1088/1741-4326/aa80a9},
  urldate = {2022-11-03}
}
@article{hezaveh2020,
  title = {Long Range Frequency Chirping of {{Alfv\'en}} Eigenmodes},
  author = {Hezaveh, H. and Qu, Z. S. and Breizman, B. N. and Hole, M. J.},
  year = {2020},
  month = may,
  journal = {Nuclear Fusion},
  volume = {60},
  number = {5},
  pages = {056014},
  issn = {0029-5515, 1741-4326},
  doi = {10.1088/1741-4326/ab7d18},
  url = {https://iopscience.iop.org/article/10.1088/1741-4326/ab7d18},
  urldate = {2022-11-03}
}
@article{hezaveh2021,
  title = {Theoretical Description of Chirping Waves Using Phase-Space Waterbags},
  author = {Hezaveh, H and Qu, Z S and Hole, M J and Dewar, R L},
  year = {2021},
  month = jun,
  journal = {Plasma Physics and Controlled Fusion},
  volume = {63},
  number = {6},
  pages = {065008},
  issn = {0741-3335, 1361-6587},
  doi = {10.1088/1361-6587/abf574},
  url = {https://iopscience.iop.org/article/10.1088/1361-6587/abf574},
  urldate = {2022-04-05}
}
@article{dicke1954,
  title = {Coherence in {{Spontaneous Radiation Processes}}},
  author = {Dicke, R. H.},
  year = {1954},
  month = jan,
  journal = {Physical Review},
  volume = {93},
  number = {1},
  pages = {99--110},
  issn = {0031-899X},
  doi = {10.1103/PhysRev.93.99},
  url = {https://link.aps.org/doi/10.1103/PhysRev.93.99},
  urldate = {2022-04-14}
}

@article{fasoli2007,
  title = {Chapter 5: {{Physics}} of Energetic Ions},
  shorttitle = {Chapter 5},
  author = {Fasoli, A. and Gormenzano, C. and Berk, H. L. and Breizman, B. and Briguglio, S. and Darrow, D. S. and Gorelenkov, N. and Heidbrink, W. W. and Jaun, A. and Konovalov, S. V. and Nazikian, R. and Noterdaeme, J.-M. and Sharapov, S. and Shinohara, K. and Testa, D. and Tobita, K. and Todo, Y. and Vlad, G. and Zonca, F.},
  year = {2007},
  month = jun,
  journal = {Nuclear Fusion},
  volume = {47},
  number = {6},
  pages = {S264--S284},
  publisher = {{IOP Publishing}},
  issn = {0029-5515},
  doi = {10.1088/0029-5515/47/6/S05},
  url = {https://doi.org/10.1088/0029-5515/47/6/s05},
  urldate = {2022-07-02}
}

@article{imadera2009,
  title = {A Numerical Method for Solving the {{Vlasov}}\textendash{{Poisson}} Equation Based on the Conservative {{IDO}} Scheme},
  author = {Imadera, Kenji and Kishimoto, Yasuaki and Saito, Daisuke and Li, Jiquan and Utsumi, Takayuki},
  year = {2009},
  month = dec,
  journal = {Journal of Computational Physics},
  volume = {228},
  number = {23},
  pages = {8919--8943},
  issn = {00219991},
  doi = {10.1016/j.jcp.2009.09.008},
  url = {https://linkinghub.elsevier.com/retrieve/pii/S0021999109004938},
  urldate = {2021-12-18}
}

@article{karpman1974,
  title = {Nonlinear Theory of a Quasi-Monochromatic Whistler Mode Packet in Inhomogeneous Plasma},
  author = {Karpman, V I and Istomin, Ja N and Shklyar, D R},
  year = {1974},
  month = aug,
  journal = {Plasma Physics},
  volume = {16},
  number = {8},
  pages = {685--703},
  issn = {0032-1028},
  doi = {10.1088/0032-1028/16/8/001},
  url = {https://iopscience.iop.org/article/10.1088/0032-1028/16/8/001},
  urldate = {2022-08-08}
}

@article{kasahara2018,
  title = {Pulsating Aurora from Electron Scattering by Chorus Waves},
  author = {Kasahara, S. and Miyoshi, Y. and Yokota, S. and Mitani, T. and Kasahara, Y. and Matsuda, S. and Kumamoto, A. and Matsuoka, A. and Kazama, Y. and Frey, H. U. and Angelopoulos, V. and Kurita, S. and Keika, K. and Seki, K. and Shinohara, I.},
  year = {2018},
  month = feb,
  journal = {Nature},
  volume = {554},
  number = {7692},
  pages = {337--340},
  issn = {0028-0836, 1476-4687},
  doi = {10.1038/nature25505},
  url = {http://www.nature.com/articles/nature25505},
  urldate = {2021-12-17}
}

@article{katoh2016,
  title = {Electron Hybrid Code Simulation of Whistler-Mode Chorus Generation with Real Parameters in the {{Earth}}'s Inner Magnetosphere},
  author = {Katoh, Yuto and Omura, Yoshiharu},
  year = {2016},
  month = dec,
  journal = {Earth, Planets and Space},
  volume = {68},
  number = {1},
  pages = {192},
  issn = {1880-5981},
  doi = {10.1186/s40623-016-0568-0},
  url = {http://earth-planets-space.springeropen.com/articles/10.1186/s40623-016-0568-0},
  urldate = {2022-04-02}
}



@article{reeves2013,
  title = {Electron {{Acceleration}} in the {{Heart}} of the {{Van Allen Radiation Belts}}},
  author = {Reeves, G. D. and Spence, H. E. and Henderson, M. G. and Morley, S. K. and Friedel, R. H. W. and Funsten, H. O. and Baker, D. N. and Kanekal, S. G. and Blake, J. B. and Fennell, J. F. and Claudepierre, S. G. and Thorne, R. M. and Turner, D. L. and Kletzing, C. A. and Kurth, W. S. and Larsen, B. A. and Niehof, J. T.},
  year = {2013},
  month = aug,
  journal = {Science},
  volume = {341},
  number = {6149},
  pages = {991--994},
  issn = {0036-8075, 1095-9203},
  doi = {10.1126/science.1237743},
  url = {https://www.science.org/doi/10.1126/science.1237743},
  urldate = {2021-12-17}
}

@article{tao2020,
  title = {Theoretical and Numerical Studies of Chorus Waves: {{A}} Review},
  shorttitle = {Theoretical and Numerical Studies of Chorus Waves},
  author = {Tao, Xin and Zonca, Fulvio and Chen, Liu and Wu, Yifan},
  year = {2020},
  month = jan,
  journal = {Science China Earth Sciences},
  volume = {63},
  number = {1},
  pages = {78--92},
  issn = {1674-7313, 1869-1897},
  doi = {10.1007/s11430-019-9384-6},
  url = {http://link.springer.com/10.1007/s11430-019-9384-6},
  urldate = {2021-12-14}
}

@article{thorne2013,
  title = {Rapid Local Acceleration of Relativistic Radiation-Belt Electrons by Magnetospheric Chorus},
  author = {Thorne, R. M. and Li, W. and Ni, B. and Ma, Q. and Bortnik, J. and Chen, L. and Baker, D. N. and Spence, H. E. and Reeves, G. D. and Henderson, M. G. and Kletzing, C. A. and Kurth, W. S. and Hospodarsky, G. B. and Blake, J. B. and Fennell, J. F. and Claudepierre, S. G. and Kanekal, S. G.},
  year = {2013},
  month = dec,
  journal = {Nature},
  volume = {504},
  number = {7480},
  pages = {411--414},
  issn = {0028-0836, 1476-4687},
  doi = {10.1038/nature12889},
  url = {http://www.nature.com/articles/nature12889},
  urldate = {2021-12-17}
}

@article{tsurutani1974,
  title = {Postmidnight Chorus: {{A}} Substorm Phenomenon},
  shorttitle = {Postmidnight Chorus},
  author = {Tsurutani, Bruce T. and Smith, Edward J.},
  year = {1974},
  journal = {Journal of Geophysical Research (1896-1977)},
  volume = {79},
  number = {1},
  pages = {118--127},
  issn = {2156-2202},
  doi = {10.1029/JA079i001p00118},
  url = {https://onlinelibrary.wiley.com/doi/abs/10.1029/JA079i001p00118},
  urldate = {2021-12-17}
}

@article{wang2018,
  title = {Frequency Chirping in the {{Alfv\'en}} Continuum},
  author = {Wang, G. and Berk, H.L. and Breizman, B.N. and Zheng, L.-J.},
  year = {2018},
  month = aug,
  journal = {Nuclear Fusion},
  volume = {58},
  number = {8},
  pages = {082014},
  issn = {0029-5515, 1741-4326},
  doi = {10.1088/1741-4326/aab502},
  url = {https://iopscience.iop.org/article/10.1088/1741-4326/aab502},
  urldate = {2022-04-05}
}

@article{crouseilles2010,
  title = {Conservative Semi-{{Lagrangian}} Schemes for {{Vlasov}} Equations},
  author = {Crouseilles, Nicolas and Mehrenberger, Michel and Sonnendr{\"u}cker, Eric},
  year = {2010},
  month = mar,
  journal = {Journal of Computational Physics},
  volume = {229},
  number = {6},
  pages = {1927--1953},
  issn = {00219991},
  doi = {10.1016/j.jcp.2009.11.007},
  url = {https://linkinghub.elsevier.com/retrieve/pii/S0021999109006263},
  urldate = {2022-08-14}
}

@article{crouseilles2015,
  title = {Hamiltonian Splitting for the {{Vlasov}}\textendash{{Maxwell}} Equations},
  author = {Crouseilles, Nicolas and Einkemmer, Lukas and Faou, Erwan},
  year = {2015},
  month = feb,
  journal = {Journal of Computational Physics},
  volume = {283},
  pages = {224--240},
  issn = {00219991},
  doi = {10.1016/j.jcp.2014.11.029},
  url = {https://linkinghub.elsevier.com/retrieve/pii/S0021999114007918},
  urldate = {2022-08-14}
}

@article{dawson1983,
  title = {Particle Simulation of Plasmas},
  author = {Dawson, John M.},
  year = {1983},
  month = apr,
  journal = {Reviews of Modern Physics},
  volume = {55},
  number = {2},
  pages = {403--447},
  issn = {0034-6861},
  doi = {10.1103/RevModPhys.55.403},
  url = {https://link.aps.org/doi/10.1103/RevModPhys.55.403},
  urldate = {2022-08-14}
}

@article{holderied2020,
  title = {Structure-Preserving vs. Standard Particle-in-Cell Methods: {{The}} Case of an Electron Hybrid Model},
  shorttitle = {Structure-Preserving vs. Standard Particle-in-Cell Methods},
  author = {Holderied, Florian and Possanner, Stefan and Ratnani, Ahmed and Wang, Xin},
  year = {2020},
  month = feb,
  journal = {Journal of Computational Physics},
  volume = {402},
  pages = {109108},
  issn = {00219991},
  doi = {10.1016/j.jcp.2019.109108},
  url = {https://linkinghub.elsevier.com/retrieve/pii/S0021999119308137},
  urldate = {2022-08-12}
}

@article{lee1987,
  title = {Gyrokinetic Particle Simulation Model},
  author = {Lee, W. W},
  year = {1987},
  month = sep,
  journal = {Journal of Computational Physics},
  volume = {72},
  number = {1},
  pages = {243--269},
  issn = {0021-9991},
  doi = {10.1016/0021-9991(87)90080-5},
  url = {https://www.sciencedirect.com/science/article/pii/0021999187900805},
  urldate = {2022-08-12}
}

@book{qin,
  title = {Gyrocenter-Gauge Kinetic Theory},
  author = {Qin, H and Tang, W M and Lee, W W},
  pages = {14}
}

@article{yu2009,
  title = {Gyrocenter-Gauge Kinetic Algorithm for High Frequency Waves in Magnetized Plasmas},
  author = {Yu, Zhi and Qin, Hong},
  year = {2009},
  month = mar,
  journal = {Physics of Plasmas},
  volume = {16},
  number = {3},
  pages = {032507},
  issn = {1070-664X, 1089-7674},
  doi = {10.1063/1.3097266},
  url = {http://aip.scitation.org/doi/10.1063/1.3097266},
  urldate = {2022-08-12}
}


@article{li2019,
  title = {Solving the {{Vlasov}}\textendash{{Maxwell}} Equations Using {{Hamiltonian}} Splitting},
  author = {Li, Yingzhe and He, Yang and Sun, Yajuan and Niesen, Jitse and Qin, Hong and Liu, Jian},
  year = {2019},
  month = nov,
  journal = {Journal of Computational Physics},
  volume = {396},
  pages = {381--399},
  issn = {00219991},
  doi = {10.1016/j.jcp.2019.06.070},
  url = {https://linkinghub.elsevier.com/retrieve/pii/S0021999119304784},
  urldate = {2022-08-14}
}

@article{nunn1990,
  title = {The Numerical Simulation of {{VLF}} Nonlinear Wave-Particle Interactions in Collision-Free Plasmas Using the {{Vlasov}} Hybrid Simulation Technique},
  author = {Nunn, D.},
  year = {1990},
  month = aug,
  journal = {Computer Physics Communications},
  volume = {60},
  number = {1},
  pages = {1--25},
  issn = {00104655},
  doi = {10.1016/0010-4655(90)90074-B},
  url = {https://linkinghub.elsevier.com/retrieve/pii/001046559090074B},
  urldate = {2021-12-18}
}

%geo pic
@article{Xiao2015,
archivePrefix = {arXiv},
arxivId = {1510.06972},
author = {Xiao, Jianyuan and Qin, Hong and Liu, Jian and He, Yang and Zhang, Ruili and Sun, Yajuan},
doi = {10.1063/1.4935904},
issn = {10897674},
journal = {Physics of Plasmas},
number = {11},
title = {{Explicit high-order non-canonical symplectic particle-in-cell algorithms for Vlasov-Maxwell systems}},
volume = {22},
year = {2015}
}
@article{xiao2020explicit,
	doi = {10.1088/2058-6272/abf125},
	year = 2021,
	month = {apr},
	publisher = {{IOP} Publishing},
    journal={Plasma Science and Technology},
	volume = {23},
	number = {5},
	pages = {055102},
	author = {Jianyuan XIAO and Hong QIN},
	title = {{Explicit structure-preserving geometric particle-in-cell algorithm in curvilinear orthogonal coordinate systems and its applications to whole-device 6D kinetic simulations of tokamak physics}},
}
@article{he2016hamiltonian,
author = {He, Yang and Sun, Yajuan and Qin, Hong and Liu, Jian},
year = {2016},
month = {12},
pages = {9},
title = {{Hamiltonian particle-in-cell methods for Vlasov-Maxwell equations}},
volume = {23},
journal = {Physics of Plasmas},
doi = {10.1063/1.4962573}
}
@article{qin2016canonical,
	doi = {10.1088/0029-5515/56/1/014001},
	year = 2015,
	month = {dec},
	publisher = {{IOP} Publishing},
	volume = {56},
	number = {1},
	pages = {014001},
	author = {Hong Qin and Jian Liu and Jianyuan Xiao and Ruili Zhang and Yang He and Yulei Wang and Yajuan Sun and Joshua W. Burby and Leland Ellison and Yao Zhou},
	title = {{Canonical symplectic particle-in-cell method for long-term large-scale simulations of the Vlasov-Maxwell equations}},
	journal = {Nuclear Fusion},
}
@article{xiao2018structure,
	doi = {10.1088/2058-6272/aac3d1},
	year = 2018,
	month = {sep},
	publisher = {{IOP} Publishing},
	volume = {20},
	number = {11},
	pages = {110501},
	author = {Jianyuan XIAO and Hong QIN and Jian LIU},
	title = {{Structure-preserving geometric particle-in-cell methods for Vlasov-Maxwell systems}},
	journal = {Plasma Science and Technology}
}
@article{xiao2013variational,
author = {Xiao, Jianyuan and Liu, Jian and Qin, Hong and Yu, Zhi},
year = {2013},
month = {10},
pages = {2517-},
title = {{A variational multi-symplectic particle-in-cell algorithm with smoothing functions for the Vlasov-Maxwell system}},
volume = {20},
journal = {Physics of Plasmas},
doi = {10.1063/1.4826218}
}
@article{squire2012geometric,
author = {Squire, Jonathan and Qin, Hong and Tang, William},
year = {2012},
month = {08},
title = {{Geometric integration of the Vlasov-Maxwell system with a variational particle-in-cell scheme}},
volume = {19},
journal = {Physics of Plasmas},
doi = {10.2172/1037451}
}

@article{vancompernolle2015,
  title = {Excitation of {{Chirping Whistler Waves}} in a {{Laboratory Plasma}}},
  author = {Van Compernolle, B. and An, X. and Bortnik, J. and Thorne, R. M. and Pribyl, P. and Gekelman, W.},
  year = {2015},
  month = jun,
  journal = {Physical Review Letters},
  volume = {114},
  number = {24},
  pages = {245002},
  issn = {0031-9007, 1079-7114},
  doi = {10.1103/PhysRevLett.114.245002},
  url = {https://link.aps.org/doi/10.1103/PhysRevLett.114.245002},
  urldate = {2021-12-14}
}

@article{vancompernolle2017a,
  title = {Laboratory Simulation of Magnetospheric Chorus Wave Generation},
  author = {Van Compernolle, B and An, X and Bortnik, J and Thorne, R M and Pribyl, P and Gekelman, W},
  year = {2017},
  month = jan,
  journal = {Plasma Physics and Controlled Fusion},
  volume = {59},
  number = {1},
  pages = {014016},
  issn = {0741-3335, 1361-6587},
  doi = {10.1088/0741-3335/59/1/014016},
  url = {https://iopscience.iop.org/article/10.1088/0741-3335/59/1/014016},
  urldate = {2022-07-29},
  keywords = {chorus experiment}
}

@article{chen2016,
  title = {Physics of {{Alfv\'en}} Waves and Energetic Particles in Burning Plasmas},
  author = {Chen, Liu and Zonca, Fulvio},
  year = {2016},
  journal = {Rev. Mod. Phys.},
  volume = {88},
  number = {1},
  pages = {72}
}

@book{helliwell1965whistlers,
  title={Whistlers and Related Ionospheric Phenomena},
  author={Helliwell, R.A.},
  isbn={9780783740683},
  lccn={63014128},
  url={https://books.google.com/books?id=qCQ5AAAAIAAJ},
  year={1965},
  publisher={Stanford University Press}
}
@article{kennel1966a,
  title = {Limit on Stably Trapped Particle Fluxes},
  author = {Kennel, C. F. and Petschek, H. E.},
  year = {1966},
  month = jan,
  journal = {Journal of Geophysical Research},
  volume = {71},
  number = {1},
  pages = {1--28},
  issn = {01480227},
  doi = {10.1029/JZ071i001p00001},
  url = {http://doi.wiley.com/10.1029/JZ071i001p00001},
  urldate = {2023-03-04}
}

@article{kennel1966b,
  title = {Velocity {{Space Diffusion}} from {{Weak Plasma Turbulence}} in a {{Magnetic Field}}},
  author = {Kennel, C. F.},
  year = {1966},
  journal = {Physics of Fluids},
  volume = {9},
  number = {12},
  pages = {2377},
  issn = {00319171},
  doi = {10.1063/1.1761629},
  url = {https://aip.scitation.org/doi/10.1063/1.1761629},
  urldate = {2023-03-04}
}
@article{denton2004,
  title = {Electron Density in the Magnetosphere},
  author = {Denton, R. E.},
  year = {2004},
  journal = {J. Geophys. Res.},
  volume = {109},
  number = {A9},
  pages = {A09215},
  issn = {0148-0227},
  doi = {10.1029/2003JA010245},
  url = {http://doi.wiley.com/10.1029/2003JA010245},
  urldate = {2022-07-30}
}

@article{shiroto2022,
  title = {A Charge-Momentum-Energy-Conserving {{1D3V}} Hybrid {{Lagrangian}}\textendash{{Eulerian}} Method for {{Vlasov}}\textendash{{Maxwell}} System},
  author = {Shiroto, Takashi and Matsuyama, Akinobu and Yagi, Masatoshi},
  year = {2022},
  month = nov,
  journal = {Journal of Computational Physics},
  volume = {469},
  pages = {111522},
  issn = {00219991},
  doi = {10.1016/j.jcp.2022.111522},
  url = {https://linkinghub.elsevier.com/retrieve/pii/S0021999122005848},
  urldate = {2023-09-18}
}

@article{cottet2018,
  title = {Semi-{{Lagrangian}} Particle Methods for High-Dimensional {{Vlasov}}\textendash{{Poisson}} Systems},
  author = {Cottet, Georges-Henri},
  year = {2018},
  month = jul,
  journal = {Journal of Computational Physics},
  volume = {365},
  pages = {362--375},
  issn = {00219991},
  doi = {10.1016/j.jcp.2018.03.042},
  url = {https://linkinghub.elsevier.com/retrieve/pii/S0021999118302080},
  urldate = {2023-09-18},
  keywords = {/unread}
}
@article{sonnendrucker1999,
  title = {The {{Semi-Lagrangian Method}} for the {{Numerical Resolution}} of the {{Vlasov Equation}}},
  author = {Sonnendr{\"u}cker, Eric and Roche, Jean and Bertrand, Pierre and Ghizzo, Alain},
  year = {1999},
  month = mar,
  journal = {Journal of Computational Physics},
  volume = {149},
  number = {2},
  pages = {201--220},
  issn = {00219991},
  doi = {10.1006/jcph.1998.6148},
  url = {https://linkinghub.elsevier.com/retrieve/pii/S0021999198961484},
  urldate = {2023-09-18}
}

@article{tao_numerical_2014,
    title = {A numerical study of chorus generation and the related variation of wave intensity using the {DAWN} code},
    volume = {119},
    issn = {21699380},
    doi = {10.1002/2014JA019820},
    language = {en},
    number = {5},
    journal = {Journal of Geophysical Research: Space Physics},
    author = {Tao, X.},
    month = may,
    year = {2014},
    pages = {3362--3372},
}
@article{nogi2022,
  title = {Nonlinear {{Signatures}} of {{VLF}}-{{Triggered Emissions}}: {{A Simulation Study}}},
  shorttitle = {Nonlinear {{Signatures}} of {{VLF}}-{{Triggered Emissions}}},
  author = {Nogi, Takeshi and Omura, Yoshiharu},
  year = {2022},
  month = jan,
  journal = {JGR Space Physics},
  volume = {127},
  number = {1},
  pages = {e2021JA029826},
  issn = {2169-9380, 2169-9402},
  doi = {10.1029/2021JA029826},
  url = {https://agupubs.onlinelibrary.wiley.com/doi/10.1029/2021JA029826},
  urldate = {2023-09-14}
}
@article{omura2008,
  title = {Theory and Simulation of the Generation of Whistler-Mode Chorus},
  author = {Omura, Yoshiharu and Katoh, Yuto and Summers, Danny},
  year = {2008},
  journal = {J. Geophys. Res. Space Phys.},
  volume = {113},
  number = {A4},
  issn = {2156-2202},
  doi = {10.1029/2007JA012622},
  url = {https://onlinelibrary.wiley.com/doi/abs/10.1029/2007JA012622},
  urldate = {2021-12-14},
  keywords = {radiation belt,space weather,whistler-mode chorus}
}


@article{wang2012,
  title = {Simulation and Theory of Spontaneous {{TAE}} Frequency Sweeping},
  author = {Wang, Ge and Berk, H.L.},
  year = {2012},
  month = sep,
  journal = {Nucl. Fusion},
  volume = {52},
  number = {9},
  pages = {094003},
  issn = {0029-5515, 1741-4326},
  doi = {10.1088/0029-5515/52/9/094003},
  url = {https://iopscience.iop.org/article/10.1088/0029-5515/52/9/094003},
  urldate = {2022-04-05}
}

@article{wang2012a,
  title = {Model for Spontaneous Frequency Sweeping of an {{Alfv\'en}} Wave in a Toroidal Plasma},
  author = {Wang, Ge and Berk, H.L.},
  year = {2012},
  month = may,
  journal = {Communications in Nonlinear Science and Numerical Simulation},
  volume = {17},
  number = {5},
  pages = {2179--2190},
  issn = {10075704},
  doi = {10.1016/j.cnsns.2011.08.001},
  url = {https://linkinghub.elsevier.com/retrieve/pii/S1007570411004278},
  urldate = {2022-06-06}
}

@article{chen2015a,
  title = {A Multi-Dimensional, Energy- and Charge-Conserving, Nonlinearly Implicit, Electromagnetic {{Vlasov}}\textendash{{Darwin}} Particle-in-Cell Algorithm},
  author = {Chen, G. and Chac{\'o}n, L.},
  year = {2015},
  month = dec,
  journal = {Computer Physics Communications},
  volume = {197},
  pages = {73--87},
  issn = {00104655},
  doi = {10.1016/j.cpc.2015.08.008},
  url = {https://linkinghub.elsevier.com/retrieve/pii/S0010465515002921},
  urldate = {2023-03-26}
}

@article{xie2022,
  title = {{{BORAY}}: {{A}} Ray Tracing Code for Various Magnetized Plasma Configurations},
  shorttitle = {{{BORAY}}},
  author = {Xie, Hua-sheng and Banerjee, Debabrata and Bai, Yu-kun and Zhao, Han-yue and Li, Jing-chun},
  year = {2022},
  month = jul,
  journal = {Computer Physics Communications},
  volume = {276},
  pages = {108363},
  issn = {00104655},
  doi = {10.1016/j.cpc.2022.108363},
  url = {https://linkinghub.elsevier.com/retrieve/pii/S0010465522000820},
  urldate = {2022-08-11}
}

@article{zheng2023a,
  title = {A Hamiltonian theory for whistler chorus wave in the magnetosphere},
  author = {Jiangshan, Zheng and Ge, Wang and Bo, Li},
  year = {2023},
  month = oct,
  journal = {arXiv e-prints},
  eid = {},
  pages= {},
  eprint = {}
}
@article{zheng2023b,
  title =  {A hybrid Eulerian-Lagrangian Vlasov method for nonlinear wave-particle interaction in weakly inhomogeneous magnetic field},
  author = {Jiangshan, Zheng and Ge, Wang and Bo, Li},
  year = {2023},
  month = oct,
  journal = {arXiv e-prints},
  eid = {},
  pages= {},
  eprint = {}
}
